% Encoding: UTF-8

@Online{approximation_plane,
  langid    = {russian},
  title     = {Аппроксимация эмпирически полученной поверхности методом наименьших квадратов},
  url       = {http://www.delphikingdom.com/asp/viewitem.asp?catalogid=1368},
  urldate   = {2023-12-01},
  owner     = {user},
  timestamp = {2023.12.01},
}

@Book{theory_of_plane_experiment,
  author    = {Макарова, И. В. and Хабибуллин, Р. Г. and Беляев, А. И. and Шубенкова, К. А.},
  langid    = {russian},
  publisher = {Набережные Челны: Набережночелнинский институт КФУ},
  title     = {Методы планирования экспериментов с использованием пакета Minitab: учебное пособие студентам магистратуры направления 09.04.02 «Информационные системы и технологии» для выполнения практических и самостоятельных работ по дисциплине «Модели и методы планирования экспериментов»},
  year      = {2016},
  owner     = {user},
  timestamp = {2023.12.02},
  url       = {https://kpfu.ru/staff_files/F430820888/Uchebnoe_posobie_MiMPE.pdf},
}

@Book{adler_1976,
  author    = {Адлер, Ю. П.},
  langid    = {russian},
  publisher = {Наука},
  title     = {Планирование эксперимента при поиске оптимальных условий},
  year      = {1976},
  pages     = {278},
  owner     = {user},
  timestamp = {2023.12.02},
}

@Online{gaus_cpp,
  langid    = {russian},
  title     = {Решение систем линейных уравнений методом Гаусса},
  url       = {https://prog-cpp.ru/gauss/},
  urldate   = {2023-12-01},
  owner     = {user},
  timestamp = {2023.12.02},
}

@Comment{jabref-meta: databaseType:bibtex;}

@Comment{jabref-entrytype: Online: req[langid;title;url;urldate] opt[author;year;update]}
